% Encoding: UTF-8

%report clusit sicurezza italiana
@Report{Clusit,
    url = { https://clusit.it/pubblicazioni/},
    author = {CLUSIT – Associazione Italiana per la Sicurezza Informatica},
    date = { 2023},
    title = { Rapporto CLUSIT 2023 sulla sicurezza ICT in Italia}
}

%Ramnit
@Online{ IBMSecBlogRamnit,
    url ={https://securityintelligence.com/ramnit-evolution-from-worm-to-financial-malware/},
    author = {George Tubin},
    date = {2011},
    title = {Ramnit Evolution: From Worm to Financial Malware}
}

% Ramnit
@misc{ FSecureLabsBlogRamnit,
    title = {Ramnit},
    author = {F-secure},
    url = {https://www.f-secure.com/v-descs/virus_w32_ramnit.shtml},
}

%dati Conficker
@misc {FSecureLabsBlogConfickersData,
    title = {Preemptive Blocklist and More Downadup Numbers},
    author = {f-secure},
    url = { https://archive.f-secure.com/weblog/archives/00001582.html}
}

%report QakBot by cisa
@Report{ CisaQakBot,
    url = {https://www.cisa.gov/sites/default/files/2023-02/202010221030_qakbot_tlpwhite.pdf},
    date = { 2020},
    title = { Qbot/QakBot Malware}
}

%Zeus
@misc{ KaskerkyZeus,
    url = { https://www.kaspersky.it/resource-center/threats/zeus-trojan-malware},
    title = {Il malware Zeus trojan}
}

%paper botnet 1
@article{vormayr2017botnet,
  title={Botnet communication patterns},
  author={Vormayr, Gernot and Zseby, Tanja and Fabini, Joachim},
  journal={IEEE Communications Surveys \& Tutorials},
  volume={19},
  number={4},
  pages={2768--2796},
  year={2017},
  publisher={IEEE}
}

%paper botnet 2 (detection techniques and more)
@incollection{vuong2011advanced,
  title={Advanced methods for botnet intrusion detection systems},
  author={Vuong, Son T and Alam, Mohammed S},
  booktitle={Intrusion Detection Systems},
  year={2011},
  publisher={IntechOpen}
}

%DGA
@inproceedings{inproceedings,
author = {Hoang, Dau and Hạnh, Vũ},
year = {2021},
month = {03},
pages = {},
title = {An Enhanced Model for DGA Botnet Detection Using Supervised Machine Learning}
}

%RFC1459
@misc{rfc1459,
    series =    {Request for Comments},
    number =    1459,
    howpublished =  {RFC 1459},
    publisher = {RFC Editor},
    doi =       {10.17487/RFC1459},
    url =       {https://www.rfc-editor.org/info/rfc1459},
        author =    {},
    title =     {{Internet Relay Chat Protocol}},
    pagetotal = 65,
    year =      1993,
    month =     may,
    abstract =  {The IRC protocol is a text-based protocol, with the simplest client being any socket program capable of connecting to the server. This memo defines an Experimental Protocol for the Internet community.},
}

%SMB
@misc{SMB,
    url = {https://wiki.wireshark.org/SMB.md},
    title = {Server Message Block Protocol (SMB)}
}

%WASTE protocol
@misc{WASTE,
    title = {WASTE web page},
    url = {https://waste.sourceforge.net/}
}

%kademlia protocol
@incollection{maymounkov2002kademlia,
  title={Kademlia: A peer-to-peer information system based on the xor metric},
  author={Maymounkov, Petar and Mazieres, David},
  booktitle={Peer-to-Peer Systems: First InternationalWorkshop, IPTPS 2002 Cambridge, MA, USA, March 7--8, 2002 Revised Papers},
  pages={53--65},
  year={2002},
  publisher={Springer}
}

%stegobot bot stego
@inproceedings{nagaraja2011stegobot,
  title={Stegobot: a covert social network botnet},
  author={Nagaraja, Shishir and Houmansadr, Amir and Piyawongwisal, Pratch and Singh, Vijit and Agarwal, Pragya and Borisov, Nikita},
  booktitle={Information Hiding: 13th International Conference, IH 2011, Prague, Czech Republic, May 18-20, 2011, Revised Selected Papers 13},
  pages={299--313},
  year={2011},
  organization={Springer}
}
%Elisa bot stego
@inproceedings{compagno2015boten,
  title={Boten ELISA: A novel approach for botnet C\&C in online social networks},
  author={Compagno, Alberto and Conti, Mauro and Lain, Daniele and Lovisotto, Giulio and Mancini, Luigi Vincenzo},
  booktitle={2015 IEEE Conference on Communications and Network Security (CNS)},
  pages={74--82},
  year={2015},
  organization={IEEE}
}

%esxi
@misc { esxi,
    url = {https://www.vmware.com/it/products/esxi-and-esx.html},
    title = {VMware ESXi main page}
    }

%hypervisor
@article{desai2013hypervisor,
  title={Hypervisor: A survey on concepts and taxonomy},
  author={Desai, Ankita and Oza, Rachana and Sharma, Pratik and Patel, Bhautik},
  journal={International Journal of Innovative Technology and Exploring Engineering},
  volume={2},
  number={3},
  pages={222--225},
  year={2013},
  publisher={Citeseer}
}

%hypervisor
@misc{ techtargetHypervisor,
    url = {https://www.techtarget.com/searchitoperations/tip/A-beginners-guide-to-hosted-and-bare-metal-virtualization},
    title = {A beginner's guide to hosted and bare-metal virtualization},
    author = { Stephen J.Bigelow}
}

%esxi virtual networking
@misc { esxiVirtualNetwork,
    url ={https://www.vmware.com/content/dam/digitalmarketing/vmware/en/pdf/techpaper/virtual_networking_concepts.pdf},
    title = {VMware virtual networking concepts},
    author = {VMware}

}

%firewalls
@inproceedings{krit2017overview,
  title={Overview of firewalls: Types and policies: Managing windows embedded firewall programmatically},
  author={Krit, Salah-ddine and Haimoud, Elbachir},
  booktitle={2017 International Conference on Engineering \& MIS (ICEMIS)},
  pages={1--7},
  year={2017},
  organization={IEEE}
}

%clearos
@misc{ clearos,
    url = {https://documentation.clearos.com/index:userguide7},
    title = {ClearOS 7 User Guide}
}

%netfilter
@misc { netfilter,
    url = { https://www.netfilter.org/index.html},
    title = { Netfilter main page}
}

%netfilter and ip tables
@misc { 
    netfilterAndIptables,
    url = {https://www.digitalocean.com/community/tutorials/a-deep-dive-into-iptables-and-netfilter-architecture},
    title = {A Deep Dive into Iptables and Netfilter Architecture},
    author = {Justin Ellingwood}
}

%nftables 
@misc {
    nftables,
    url = {https://www.netfilter.org/projects/nftables/index.html},
    title = {Nftables main page}
}

%firewalld
@misc {firewalld,
    url = {https://firewalld.org/},
    title = {Firewalld main page}
}

%Docker and containers book
@book{mouat2015using,
  title={Using docker: developing and deploying software with containers},
  author={Mouat, Adrian},
  year={2015},
  publisher={" O'Reilly Media, Inc."}
}

%Docker 
@misc{ docker,
    url = {https://docker.com},
    title = {Docker main page}
}

@misc { BotnetExampleImage,
    url = {https://www.simplilearn.com/ice9/free_resources_article_thumb/Botnet_2.png},
    author = {Baivab Kumar Jena}
}

@misc{ NetfilterHooks,
author = {Kang, Byungseok and Anh, Khuong and Choo, Hyunseung},
year = {2017},
title = {Implementation of fast handover for proxy mobile IPv6: Resolving out-of-order packets},
journal = {PLOS ONE},
doi = {10.1371/journal.pone.0182375},
url = {https://doi.org/10.1371/journal.pone.0182375.g005 }
}

%IDS 1
@article{khraisat2019survey,
  title={Survey of intrusion detection systems: techniques, datasets and challenges},
  author={Khraisat, Ansam and Gondal, Iqbal and Vamplew, Peter and Kamruzzaman, Joarder},
  journal={Cybersecurity},
  volume={2},
  number={1},
  pages={1--22},
  year={2019},
  publisher={Springer}
}

%secOnion main page
@misc {
    secOnion,
    url = {https://securityonionsolutions.com/software},
    title = { Security Onion  main page}
}

%seconion documentation
@misc {
    secOnionDoc,
    url = {https://docs.securityonion.net/en/2.3/index.html},
    title = {Security Onion Documentation}
}

%immagine security onion example 1
@misc {
    SecOnionFig1,
    url = {https://docs.securityonion.net/en/2.3/_images/network-horiz.png},
    title = {Security Onion Image: example of usage}
}

%duplicazione traffico di rete
@article{svoboda2015network,
  title={Network monitoring approaches: An overview},
  author={Svoboda, Jakub and Ghafir, Ibrahim and Prenosil, Vaclav and others},
  journal={Int J Adv Comput Netw Secur},
  volume={5},
  number={2},
  pages={88--93},
  year={2015}
}

%suricata main page
@misc{
    suricata,
    url = { https://suricata.io},
    title = {Suricata main page}
}
%LUA language
@misc {
    LUA,
    url = {https://www.lua.org/about.html},
    title = { LUA scripting language}
}

%ZEEK
@misc { 
    ZEEK,
    url = {https://zeek.org/},
    title = {zeek main page}
}

%stenographer
@misc {
    stenographer,
    url = { https://github.com/google/stenographer},
    title = { Stenographer main page}
}
%strelka
@misc {
    strelka,
    url = { https://github.com/target/strelka},
    title = { Strelka main page}
}

%sensoroni
@misc {
    sensoroni,
    url = {https://github.com/sensoroni/sensoroni},
    title = {Sensoroni main page}
}

%elasticstack
@misc {
    elasticstack,
    url = {https://www.elastic.co/elastic-stack/},
    title = {Elastic Stack main page}
}

%elastalert
@misc{ elastalert,
    url = {https://elastalert2.readthedocs.io/en/latest/elastalert.html#overview},
    title = {ElastAlert main page}
    }

%curator
@misc{
    curator,
    url = { https://www.elastic.co/guide/en/elasticsearch/client/curator/current/about.html#about},
    title = {Curator main page}
}

%redis
@misc{
    redis,
    url ={ https://redis.io/},
    title = { Redis main page}
}

%mitre att&ck
@misc { 
    att&ck,
    url = {https://attack.mitre.org/},
    title = {ATT\&CK main page},
    author = {MITRE}
}

%grafana
@misc {
    grafana,
    url = {https://grafana.com/},
    title = {Grafana main page}
}

%att&ck navigator
@misc {
    att&ckNavigator,
    url ={https://github.com/mitre-attack/attack-navigator},
    title = {ATT\&CK Navigator main page}
}

%osquery
@misc {
    osquery,
    url = { https://osquery.io/},
    title = {Osquery main page}
}

%wazuh
@misc {
    wazuh,
    url = {https://wazuh.com/ },
    title = {Wazuh main page}
}

%syslog rfc
@misc {
    syslog,
    url = {https://datatracker.ietf.org/doc/html/rfc3164 },
    title = { Syslog RFC 3164}
}


%filebeat
@misc {
    filebeat,
    url = {https://datatracker.ietf.org/doc/html/rfc3164},
    title = {Filebeat main page}
}

%nmap
@misc {
    nmap,
    url = {https://nmap.org/},
    title = {Nmap main page}
}

%requisiti hw Security Onion
@misc {
    securityOnionRequirements,
    url = {https://docs.securityonion.net/en/2.3/hardware.html },
    title = {Security Onion: Hardware Requirements}
}

%salt
@misc {
    salt,
    url = {https://saltproject.io/},
    title = {Salt Project main page}
}


%zeromq
@misc {
    zeromq,
    url = {https://zeromq.org/}, 
    title = { ZeroMQ main page}
}

%jinja
@misc {
    jinja,
    url = {https://jinja.palletsprojects.com/en/3.1.x/},
    title = {Jinja main page}
}

%yaml
@misc {
    yaml,
    url = {https://yaml.org/},
    title = {YAML main page}
}

%Ossim 
@misc {
    ossim,
    url = {https://cybersecurity.att.com/products/ossim},
    title = {Ossim main page}
}

%byob
@misc {
    byob,
    url ={ https://github.com/malwaredllc/byob},
    title = {Byob main page}
}

@misc {
    sqlite,
    url = {https://sqlite.org/},
    title = { Sqlite main page}
}

%flask
@misc{
    flask,
    url = {https://flask.palletsprojects.com/en/2.3.x/},
    title = {Flask main page}
}

%agents
@article{jansen2002intrusion,
  title={Intrusion detection with mobile agents},
  author={Jansen, Wayne A},
  journal={Computer Communications},
  volume={25},
  number={15},
  pages={1392--1401},
  year={2002},
  publisher={Elsevier}
}
%vantaggi degli agents
@article{smith1988survey,
  title={A survey of process migration mechanisms},
  author={Smith, Jonathan M},
  journal={ACM SIGOPS Operating Systems Review},
  volume={22},
  number={3},
  pages={28--40},
  year={1988},
  publisher={ACM New York, NY, USA}
}
@article{lange1998mobile,
  title={Mobile agents with Java: the Aglet API},
  author={Lange, Danny B and Oshima, Mitsuru},
  journal={World Wide Web},
  volume={1},
  number={3},
  pages={111--121},
  year={1998},
  publisher={Springer}
}


%ids robusti con mobile agents
@article{mell2000denial,
  title={A denial-of-service resistant intrusion detection architecture},
  author={Mell, Peter and Marks, Donald and McLarnon, Mark},
  journal={Computer Networks},
  volume={34},
  number={4},
  pages={641--658},
  year={2000},
  publisher={Elsevier}
}


%Uboat
@misc{
    uboat,
    url = {https://github.com/UBoat-Botnet/UBoat},
    title = {UBoat main page}
}

%.net framework
@misc{
    netframework,
    url = {https://dotnet.microsoft.com/en-us/download/dotnet-framework},
    title = {.NET framework main page}
}

%visual studio
@misc{
    visualstudio,
    url = {https://visualstudio.microsoft.com/it/},
    title = {Visual Studio main page}
}

%sysmon
@misc{
    sysmon,
    url ={https://learn.microsoft.com/en-us/sysinternals/downloads/sysmon},
    title = {Sysmon main page}
}

%sysmon config
@misc{
    sysmonconfig,
    url = {https://github.com/SwiftOnSecurity/sysmon-config},
    title = {sysmon-config | A Sysmon configuration file for everybody to fork},
    author = {SwiftOnSecurity}
}

%yara rule example
@misc{
    yaraexample,
    title = {Explained: YARA rules},
    url = {https://www.malwarebytes.com/blog/news/2017/09/explained-yara-rules},
    author = {Pieter Arntz}
}

@misc{
    yara,
    url = {https://github.com/VirusTotal/yara},
    title = {Yara main page},
}

@misc{
    clamav,
    url = {https://www.clamav.net/},
    title = {ClamAV main page}
}

@misc{
    virustotal,
    url = {https://support.virustotal.com/hc/en-us/articles/115002126889-How-it-works},
    title = {How it works - VirusTotal}
}

@misc{
    winapioverride,
    url = {http://jacquelin.potier.free.fr/winapioverride32/},
    title = {WinApiOverride main page},
    author = {Jacquelin Potier}
}


@misc{
    hooking1,
    url = {https://www.ired.team/offensive-security/code-injection-process-injection/how-to-hook-windows-api-using-c++},
    title = {Windows API hooking}
}
@misc{
    hooking2,
    url = {http://kylehalladay.com/blog/2020/11/13/Hooking-By-Example.html},
    title = {X64 Function Hooking by Example},
    author = {Kyle Halladay}
}
@misc{
    dllinjection,
    url = {https://www.ired.team/offensive-security/code-injection-process-injection/dll-injection},
    title = {DLL injection}
}


%ansible
@misc{
    ansible,
    url = {https://docs.ansible.com/},
    title = {Ansible main page}
}

%terraform 
@misc{
    terraform,
    aurl = {https://www.terraform.io/},
    title = {Terraform main page}
}

%misc
@phdthesis{creech2014developing,
  title={Developing a high-accuracy cross platform Host-Based Intrusion Detection System capable of reliably detecting zero-day attacks},
  author={Creech, Gideon},
  year={2014},
  school={UNSW Sydney}
}

%securityonion image of the  architecture
@misc{
    securityonionimage,
    url = {https://docs.securityonion.net/en/2.3/_images/distributed.png},
    title = {Security Onion distributed architecture image}
}